
@article{ward1963hierarchical,
  title={Hierarchical grouping to optimize an objective function},
  author={Ward, Joe H},
  journal={Journal of the American statistical association},
  volume={58},
  number={301},
  pages={236--244},
  year={1963},
  publisher={Taylor \& Francis}
}


@article{zhao2021causal,
  title={Causal interpretations of black-box models},
  author={Zhao, Qingyuan and Hastie, Trevor},
  journal={Journal of Business \& Economic Statistics},
  volume={39},
  number={1},
  pages={272--281},
  year={2021},
  publisher={Taylor \& Francis}
}

@article{cremona2023probabilistic,
  title={Probabilistic k-means with local alignment for clustering and motif discovery in functional data},
  author={Cremona, Marzia A and Chiaromonte, Francesca},
  journal={Journal of Computational and Graphical Statistics},
  pages={1--12},
  year={2023},
  publisher={Taylor \& Francis}
}

@article{ehsani2020robust,
  title={Robust distance measures for k NN classification of cancer data},
  author={Ehsani, Rezvan and Drabl{\o}s, Finn},
  journal={Cancer informatics},
  volume={19},
  pages={1176935120965542},
  year={2020},
  publisher={SAGE Publications Sage UK: London, England}
}

@incollection{hitchcock2015clustering,
  title={Clustering functional data},
  author={Hitchcock, David B and Greenwood, Mark C},
  booktitle={Handbook of Cluster Analysis},
   editor      = {Hennig, Christian and Meila, Marina and Murtagh, Fionn and Rocci, Roberto},
  pages={286--309},
  chapter     = 13,
  year={2015},
  publisher={Chapman and Hall/CRC}
}

@book{hennig2015handbook,
  title={Handbook of cluster analysis},
  author={Hennig, Christian and Meila, Marina and Murtagh, Fionn and Rocci, Roberto},
  year={2015},
  publisher={CRC press}
}

@article{hitchcock2007effect,
  title={The effect of pre-smoothing functional data on cluster analysis},
  author={Hitchcock, David B and Booth, James G and Casella, George},
  journal={Journal of Statistical Computation and Simulation},
  volume={77},
  number={12},
  pages={1043--1055},
  year={2007},
  publisher={Taylor \& Francis}
}


@article{maksymiuk2020landscape,
  title={Landscape of R packages for eXplainable Artificial Intelligence},
  author={Maksymiuk, Szymon and Gosiewska, Alicja and Biecek, Przemyslaw},
  journal={arXiv preprint arXiv:2009.13248},
  year={2020}
}
@article{chen2014optimally,
  title={Optimally weighted L2 distance for functional data},
  author={Chen, Huaihou and Reiss, Philip T and Tarpey, Thaddeus},
  journal={Biometrics},
  volume={70},
  number={3},
  pages={516--525},
  year={2014},
  publisher={Wiley Online Library}
}


 @Article{pdp,
    title = {pdp: An {R} Package for Constructing Partial Dependence Plots},
    author = {Brandon M. Greenwell},
    journal = {The R Journal},
    year = {2017},
    volume = {9},
    number = {1},
    pages = {421--436},
    url = {https://journal.r-project.org/archive/2017/RJ-2017-016/index.html},
  }

@article{da2017interactive,
  title={Interactive graphics for visually diagnosing forest classifiers in r},
  author={da Silva, Natalia and Cook, Dianne and Lee, Eun-Kyung},
  journal={arXiv preprint arXiv:1704.02502},
  year={2017}
}

  @Manual{clustGeo,
    title = {ClustGeo: Hierarchical Clustering with Spatial Constraints},
    author = {Marie Chavent and Vanessa Kuentz and Amaury Labenne and Jerome Saracco},
    year = {2021},
    note = {R package version 2.1},
    url = {https://CRAN.R-project.org/package=ClustGeo},
  }
@article{h2o,
    title = {h2o: R Interface for the 'H2O' Scalable Machine Learning Platform},
    author = {Erin LeDell and Navdeep Gill and Spencer Aiello and Anqi Fu and Arno Candel and Cliff Click and Tom Kraljevic and Tomas Nykodym and Patrick Aboyoun and Michal Kurka and Michal Malohlava},
    year = {2023},
    note = {R package version 3.40.0.1},
    url = {https://CRAN.R-project.org/package=h2o},
  }

 @article{iml,
    author = {Christoph Molnar and Bernd Bischl and Giuseppe Casalicchio},
    title = {iml: An R package for Interpretable Machine Learning},
    doi = {10.21105/joss.00786},
    url = {https://joss.theoj.org/papers/10.21105/joss.00786},
    year = {2018},
    publisher = {Journal of Open Source Software},
    volume = {3},
    number = {26},
    pages = {786},
    journal = {JOSS},
  }
 @Manual{aleplot,
    title = {ALEPlot: Accumulated Local Effects (ALE) Plots and Partial Dependence
(PD) Plots},
    author = {Dan Apley},
    year = {2018},
    note = {R package version 1.1},
    url = {https://CRAN.R-project.org/package=ALEPlot},
  }


@article{dubin1988estimation,
  title={Estimation of regression coefficients in the presence of spatially autocorrelated error terms},
  author={Dubin, Robin A},
  journal={The Review of Economics and Statistics},
  pages={466--474},
  year={1988},
  publisher={JSTOR}
}
@article{rosen1974,
  title={Hedonic prices and implicit markets: Product differentiation in pure
competition},
  author={Rosen, S},
  journal={Journal of Political Economy},
   volume={82},
  number={1},
  pages={34--55},
  year={1974}
}


@article{Picardo,
  title={Predicción de precios de la vivienda
Aprendizaje estadístico con datos de ofertas y transacciones para Montevideo},
  author={Picardo, Pablo},
  journal={Tesis de Maestría en Economía, FCEA-UDELAR},
  year={2019}
}

@article{doshi2017towards,
  title={Towards a rigorous science of interpretable machine learning},
  author={Doshi-Velez, Finale and Kim, Been},
  journal={arXiv preprint arXiv:1702.08608},
  year={2017}
}

@article{breiman2001statistical,
  title={Statistical modeling: The two cultures (with comments and a rejoinder by the author)},
  author={Breiman, Leo},
  journal={Statistical science},
  volume={16},
  number={3},
  pages={199--231},
  year={2001},
  publisher={Institute of Mathematical Statistics}
}

@article{miller2019explanation,
  title={Explanation in artificial intelligence: Insights from the social sciences},
  author={Miller, Tim},
  journal={Artificial intelligence},
  volume={267},
  pages={1--38},
  year={2019},
  publisher={Elsevier}
}

@article{mooya2016standard,
  title={Standard Theory of Real Estate Market Value: Concepts and Problems},
  author={Mooya, Manya M},
  journal={Real Estate Valuation Theory: A Critical Appraisal},
  pages={1--21},
  year={2016},
  publisher={Springer}
}
 @Manual{caret,
    title = {caret: Classification and Regression Training},
    author = {Max Kuhn},
    year = {2021},
    note = {R package version 6.0-90},
    url = {https://CRAN.R-project.org/package=caret},
  }
@book{kuhn2019feature,
  title={Feature engineering and selection: A practical approach for predictive models},
  author={Kuhn, Max and Johnson, Kjell},
  year={2019},
  publisher={CRC Press}
}

@article{gelman20072,
  title={2. Average predictive comparisons for models with nonlinearity, interactions, and variance components},
  author={Gelman, Andrew and Pardoe, Iain},
  journal={Sociological Methodology},
  volume={37},
  number={1},
  pages={23--51},
  year={2007},
  publisher={SAGE Publications Sage CA: Los Angeles, CA}
}


@techreport{siikamaki2015global,
  title={GLOBAL ASSESSMENT OF NONWOOD FOREST ECOSYSTEM SERVICES},
  author={Siikam{\"a}ki, Juha and Santiago-{\'A}vila, Francisco J and Vail, Peter},
  year={2015},
  institution={WAVES Partnership Working Paper}
}

@Manual{R,
    title = {R: A Language and Environment for Statistical Computing},
    author = {{R Core Team}},
    organization = {R Foundation for Statistical Computing},
    address = {Vienna, Austria},
    year = {2022},
    url = {https://www.R-project.org/},
  }



@book{NBERagra-1,
 title = "The Economics of Artificial Intelligence: An Agenda",
 author = "Ajay K. Agrawal and Joshua Gans and Avi Goldfarb",
 institution = "National Bureau of Economic Research",
 type = "Book",
 publisher = "University of Chicago Press",
 year = "2018",
 URL = "http://www.nber.org/books/agra-1",
}
@article{arrow2001uncertainty,
  title={Uncertainty and the welfare economics of medical care (American economic review, 1963)},
  author={Arrow, Kenneth Joseph},
  journal={Journal of Health Politics, Policy and Law},
  volume={26},
  number={5},
  pages={851--883},
  year={2001},
  publisher={Duke University Press}
}

@article{apley2016visualizing,
  title={Visualizing the effects of predictor variables in black box supervised learning models},
  author={Apley, Daniel W and Zhu, Jingyu},
  journal={arXiv preprint arXiv:1612.08468},
  year={2016}
}

@article{apley2020visualizing,
  title={Visualizing the effects of predictor variables in black box supervised learning models},
  author={Apley, Daniel W and Zhu, Jingyu},
  journal={Journal of the Royal Statistical Society: Series B (Statistical Methodology)},
  volume={82},
  number={4},
  pages={1059--1086},
  year={2020},
  publisher={Wiley Online Library}
}


@article{athey2016recursive,
  title={Recursive partitioning for heterogeneous causal effects},
  author={Athey, Susan and Imbens, Guido},
  journal={Proceedings of the National Academy of Sciences},
  volume={113},
  number={27},
  pages={7353--7360},
  year={2016},
  publisher={National Acad Sciences}
}

@inproceedings{athey2015machine,
  title={Machine learning and causal inference for policy evaluation},
  author={Athey, Susan},
  booktitle={Proceedings of the 21th ACM SIGKDD international conference on knowledge discovery and data mining},
  pages={5--6},
  year={2015},
  organization={ACM}
}


@article{bajari2015machine,
  title={Machine learning methods for demand estimation},
  author={Bajari, Patrick and Nekipelov, Denis and Ryan, Stephen P and Yang, Miaoyu},
  journal={American Economic Review},
  volume={105},
  number={5},
  pages={481--85},
  year={2015}
}

@article{cleveland1987graphical,
  title={Graphical perception: The visual decoding of quantitative information on graphical displays of data},
  author={Cleveland, William S and McGill, Robert},
  journal={Journal of the Royal Statistical Society. Series A (General)},
  pages={192--229},
  year={1987},
  publisher={JSTOR}
}

@book{cleveland1993visualizing,
  title={Visualizing data},
  author={Cleveland, William S},
  year={1993},
  publisher={Hobart Press}
}

@article{goldstein2015peeking,
  title={Peeking inside the black box: Visualizing statistical learning with plots of individual conditional expectation},
  author={Goldstein, Alex and Kapelner, Adam and Bleich, Justin and Pitkin, Emil},
  journal={Journal of Computational and Graphical Statistics},
  volume={24},
  number={1},
  pages={44--65},
  year={2015},
  publisher={Taylor \& Francis}
}

@inproceedings{ribeiro2016should,
  title={" Why should I trust you?" Explaining the predictions of any classifier},
  author={Ribeiro, Marco Tulio and Singh, Sameer and Guestrin, Carlos},
  booktitle={Proceedings of the 22nd ACM SIGKDD international conference on knowledge discovery and data mining},
  pages={1135--1144},
  year={2016}
}


@article{varian2014big,
  title={Big data: New tricks for econometrics},
  author={Varian, Hal R},
  journal={Journal of Economic Perspectives},
  volume={28},
  number={2},
  pages={3--28},
  year={2014}
  
}


@article{wager2017estimation,
  title={Estimation and inference of heterogeneous treatment effects using random forests},
  author={Wager, Stefan and Athey, Susan},
  journal={Journal of the American Statistical Association},
  number={just-accepted},
  year={2017},
  publisher={Taylor \& Francis}
}


@Book{hadley:2016,
    author = {Hadley Wickham},
    title = {ggplot2: Elegant Graphics for Data Analysis},
    publisher = {Springer-Verlag New York},
    year = {2016},
    isbn = {978-3-319-24277-4},
    url = {https://ggplot2.tidyverse.org},
}

@Manual{knitr,
    title = {knitr: A General-Purpose Package for Dynamic Report Generation in R},
    author = {Yihui Xie},
    year = {2023},
    note = {R package version 1.42},
    url = {https://yihui.org/knitr/},
  }
@Article{tidyverse,
    title = {Welcome to the {tidyverse}},
    author = {Hadley Wickham and Mara Averick and Jennifer Bryan and Winston Chang and Lucy D'Agostino McGowan and Romain François and Garrett Grolemund and Alex Hayes and Lionel Henry and Jim Hester and Max Kuhn and Thomas Lin Pedersen and Evan Miller and Stephan Milton Bache and Kirill Müller and Jeroen Ooms and David Robinson and Dana Paige Seidel and Vitalie Spinu and Kohske Takahashi and Davis Vaughan and Claus Wilke and Kara Woo and Hiroaki Yutani},
    year = {2019},
    journal = {Journal of Open Source Software},
    volume = {4},
    number = {43},
    pages = {1686},
    doi = {10.21105/joss.01686},
  }
@book{wilkinson2006grammar,
  title={The grammar of graphics},
  author={Wilkinson, Leland},
  year={2006},
  publisher={Springer Science \& Business Media}
}



@article{breiman2001,
  title={Statistical modeling: The two cultures (with comments and a rejoinder by the author)},
  author={Breiman, Leo and others},
  journal={Statistical science},
  volume={16},
  number={3},
  pages={199--231},
  year={2001},
  publisher={Institute of Mathematical Statistics}
}



@article{friedman2001,
  title={Greedy function approximation: a gradient boosting machine},
  author={Friedman, Jerome H},
  journal={Annals of statistics},
  pages={1189--1232},
  year={2001},
  publisher={JSTOR}
}
@inproceedings{cortez2011,
  title={Opening black box data mining models using sensitivity analysis},
  author={Cortez, Paulo and Embrechts, Mark J},
  booktitle={2011 IEEE Symposium on Computational Intelligence and Data Mining (CIDM)},
  pages={341--348},
  year={2011},
  organization={IEEE}
}

@article{cortez2013,
  title={Using sensitivity analysis and visualization techniques to open black box data mining models},
  author={Cortez, Paulo and Embrechts, Mark J},
  journal={Information Sciences},
  volume={225},
  pages={1--17},
  year={2013},
  publisher={Elsevier}
}

@book{Borgonovo2017,
  title={Sensitivity Analysis: An Introduction for the Management Scientist},
  author={Borgonovo, E. },
  year={2017},
  publisher={Springer}
}
@article{fraiman2020,
  title={Sensitivity indices for output on a Riemannian manifold},
  author={Fraiman, Ricardo and Gamboa, Fabrice and Moreno, Leonardo},
  journal={International Journal for Uncertainty Quantification (accepted)},
  year={2020}
}
@article{gamboa2020,
  title={Sensitivity analysis in general metric spaces},
  author={Gamboa, Fabrice and Klein, Thierry and Lagnoux, Agn{\`e}s and Moreno, Leonardo},
  journal={arXiv preprint arXiv:2002.04465},
  year={2020}
}
@article{olden2002,
  title={Illuminating the “black box”: a randomization approach for understanding variable contributions in artificial neural networks},
  author={Olden, Julian D and Jackson, Donald A},
  journal={Ecological modelling},
  volume={154},
  number={1-2},
  pages={135--150},
  year={2002},
  publisher={Elsevier}
}
@inproceedings{foo2016,
  title={Machine learning with sensitivity analysis to determine key factors contributing to energy consumption in cloud data centers},
  author={Foo, Yong Wee and Goh, Cindy and Li, Yun},
  booktitle={2016 International conference on cloud computing research and innovations (ICCCRI)},
  pages={107--113},
  year={2016},
  organization={IEEE}
}

@article{zhang2018,
  title={Opening the black box of neural networks: methods for interpreting neural network models in clinical applications},
  author={Zhang, Zhongheng and Beck, Marcus W and Winkler, David A and Huang, Bin and Sibanda, Wilbert and Goyal, Hemant and others},
  journal={Annals of translational medicine},
  volume={6},
  number={11},
  year={2018},
  publisher={AME Publications}
}
@article{dimopoulos2019,
  title={Sensitivity Analysis of Machine Learning Models for the Mass Appraisal of Real Estate. Case Study of Residential Units in Nicosia, Cyprus},
  author={Dimopoulos, Thomas and Bakas, Nikolaos},
  journal={Remote Sensing},
  volume={11},
  number={24},
  pages={3047},
  year={2019},
  publisher={Multidisciplinary Digital Publishing Institute}
}
@article{boulesteix2012,
  title={Overview of random forest methodology and practical guidance with emphasis on computational biology and bioinformatics},
  author={Boulesteix, Anne-Laure and Janitza, Silke and Kruppa, Jochen and K{\"o}nig, Inke R},
  journal={Wiley Interdisciplinary Reviews: Data Mining and Knowledge Discovery},
  volume={2},
  number={6},
  pages={493--507},
  year={2012},
  publisher={Wiley Online Library}
}
@article{ziegler2014,
  title={Mining data with random forests: current options for real-world applications},
  author={Ziegler, Andreas and K{\"o}nig, Inke R},
  journal={Wiley Interdisciplinary Reviews: Data Mining and Knowledge Discovery},
  volume={4},
  number={1},
  pages={55--63},
  year={2014},
  publisher={Wiley Online Library}
}
@article{hengl2018,
  title={Random forest as a generic framework for predictive modeling of spatial and spatio-temporal variables},
  author={Hengl, Tomislav and Nussbaum, Madlene and Wright, Marvin N and Heuvelink, Gerard BM and Gr{\"a}ler, Benedikt},
  journal={PeerJ},
  volume={6},
  pages={e5518},
  year={2018},
  publisher={PeerJ Inc.}
}


@article{scholz1995,
  title={Nonparametric tail extrapolation},
  author={Scholz, FW},
  journal={White paper from Boeing Information \& Support Services) http://www. stat. washington. edu/fritz/Reports/ISSTECH-95-014. pdf},
  year={1995}
}
@article{zhang2019,
  title={Regression-enhanced random forests},
  author={Zhang, Haozhe and Nettleton, Dan and Zhu, Zhengyuan},
  journal={arXiv preprint arXiv:1904.10416},
  year={2019}
}
@article{crane2017,
  title={Semiparametric panel data models using neural networks},
  author={Crane-Droesch, Andrew},
  journal={arXiv preprint arXiv:1702.06512},
  year={2017}
}


@article{claessens2005,
  title={Financial dependence, banking sector competition, and economic growth},
  author={Claessens, Stijn and Laeven, Luc},
  journal={Journal of the European Economic Association},
  volume={3},
  number={1},
  pages={179--207},
  year={2005},
  publisher={Oxford University Press}
}

@article{cetorelli2001,
  title={Banking market structure, financial dependence and growth: International evidence from industry data},
  author={Cetorelli, Nicola and Gambera, Michele},
  journal={The Journal of Finance},
  volume={56},
  number={2},
  pages={617--648},
  year={2001},
  publisher={Wiley Online Library}
}

@article{dell2008,
  title={The real effect of banking crises},
  author={Dell'Ariccia, Giovanni and Detragiache, Enrica and Rajan, Raghuram},
  journal={Journal of Financial Intermediation},
  volume={17},
  number={1},
  pages={89--112},
  year={2008},
  publisher={Elsevier}
}

@article{chava2011,
  title={The effect of banking crisis on bank-dependent borrowers},
  author={Chava, Sudheer and Purnanandam, Amiyatosh},
  journal={Journal of financial economics},
  volume={99},
  number={1},
  pages={116--135},
  year={2011},
  publisher={Elsevier}
}

@article{capurro2020,
  title={Impacto Social y Econ{\'o}mico de la COVID-19 y Opciones de Pol{\'\i}ticas en Uruguay},
  author={Capurro, Alfonso and Deagosto, Germ{\'a}n and Ithurralde, Sebasti{\'a}n and Oddone, Gabriel},
  year={2020}
}


@article{nunes2018,
  title={Artificial Neural Networks in Fixed Income Markets for Yield Curve Forecasting},
  author={Nunes, Manuel and Gerding, Enrico and McGroarty, Frank and Niranjan, Mahesan},
  journal={Available at SSRN 3144622},
  year={2018}
}

@incollection{greppi2018,
  title={Bayesian Networks for Financial Market Signals Detection},
  author={Greppi, Alessandro and De Giuli, Maria E and Tarantola, Claudia and Montagna, Dennis M},
  booktitle={Classification,(Big) Data Analysis and Statistical Learning},
  pages={219--226},
  year={2018},
  publisher={Springer}
}


@book{alpaydin2020,
  title={Introduction to machine learning},
  author={Alpaydin, Ethem},
  year={2020},
  publisher={MIT press}
}



@inproceedings{tyukhova2019,
  title={The Cluster Analysis Method as an Instrument for Selection of Securities in the Construction of an Investment Portfolio},
  author={Tyukhova, Elena and Sizykh, Dmitry},
  booktitle={2019 Twelfth International Conference" Management of large-scale system development"(MLSD)},
  pages={1--3},
  year={2019},
  organization={IEEE}
}

@book{tsay2005,
  title={Analysis of financial time series},
  author={Tsay, Ruey S},
  volume={543},
  year={2005},
  publisher={John wiley \& sons}
}



@article{mark52,
  title={Portfolio Selection},
  author={Markowitz, Harry M},
  journal={The Journal of Finance},
  year={1952}
}

@article{fin_optimizacion,
  title={A hybrid financial trading support system using multi-category classifiers and random forest},
  author={Thakur M and Kumar D},
  journal={Applied Soft Computing},
  year={2018}
}


@Article{serfling2000,
  Title                    = {{General notions of statistical depth function}},
  Author                   = {Serfling, R. and Zuo, Y.},
  Journal                  = {The Annals of Statistics},
  Year                     = {2000},
  Number                   = {2},
  Pages                    = {461--482},
  Volume                   = {28},

  Owner                    = {leonardo},
  Timestamp                = {2017.02.02}
}
@article{goyeneche2017,
  title={Predicci{\'o}n del valor de un inmueble mediante t{\'e}cnicas agregativas},
  author={Goyeneche, Juan Jos{\'e} and Moreno, Leonardo and Scavino, Marco},
  journal={Serie DT (17/1)},
  year={2017},
  publisher={Udelar. FCEA-IESTA}
}
@article{sun2014,
	author = "Sun, Y. and Yan, H. and Zhang, W. and Lu, Z.",
	journal = "The Annals of Statistics",
	number = "2",
	pages = "700--727",
	title = "{A semiparametric spatial dynamic model}",
	volume = "42",
	year = "2014"
}

@article{case1987,
	author = "Shiller, R. J. and Case, K. E.",
	journal = "New England Economic Review",
	pages = "45--56",
	title = "{Prices of Single Family Homes Since 1970: New Indexes for Four Cities}",
	volume = "Sept/Oct",
	year = "1987"
}

@article{bailey1963,
	author = "Bailey, M.J. and R.F., Muth and H.O., Nourse",
	journal = "Journal of the American Statistical Association",
	pages = "933-942",
	title = "{A regression method for real estate price
index construction}",
	volume = "58",
	number = "304",
	year = "1963"
}

@article{osland2010,
  title={An application of spatial econometrics in relation to hedonic house price modeling},
  author={Osland, Liv},
  journal={Journal of Real Estate Research},
  volume={32},
  number={3},
  pages={289--320},
  year={2010},
  publisher={Taylor \& Francis}
}

@article{case2004,
  title={Modeling spatial and temporal house price patterns: A comparison of four models},
  author={Case, Bradford and Clapp, John and Dubin, Robin and Rodriguez, Mauricio},
  journal={The Journal of Real Estate Finance and Economics},
  volume={29},
  number={2},
  pages={167--191},
  year={2004},
  publisher={Springer}
}

@article{kiel2008,
  title={Location, location, location: The 3L Approach to house price determination},
  author={Kiel, Katherine A and Zabel, Jeffrey E},
  journal={Journal of Housing Economics},
  volume={17},
  number={2},
  pages={175--190},
  year={2008},
  publisher={Elsevier}
}

@article{sirmans2005,
  title={The composition of hedonic pricing models},
  author={Sirmans, Stacy and Macpherson, David and Zietz, Emily},
  journal={Journal of real estate literature},
  volume={13},
  number={1},
  pages={1--44},
  year={2005},
  publisher={American Real Estate Society}
}



@article{park2015,
  title={Using machine learning algorithms for housing price prediction: The case of Fairfax County, Virginia housing data},
  author={Park, Byeonghwa and Bae, Jae Kwon},
  journal={Expert systems with applications},
  volume={42},
  number={6},
  pages={2928--2934},
  year={2015},
  publisher={Elsevier}
}


@inproceedings{limsombunchai2004,
  title={House price prediction: hedonic price model vs. artificial neural network},
  author={Limsombunchai, Visit},
  booktitle={New Zealand agricultural and resource economics society conference},
  pages={25--26},
  year={2004}
}

@article{yoo2012,
  title={Variable selection for hedonic model using machine learning approaches: A case study in Onondaga County, NY},
  author={Yoo, Sanglim and Im, Jungho and Wagner, John E},
  journal={Landscape and Urban Planning},
  volume={107},
  number={3},
  pages={293--306},
  year={2012},
  publisher={Elsevier}
}


@inproceedings{molnar2020,
  title={Interpretable machine learning--a brief history, state-of-the-art and challenges},
  author={Molnar, Christoph and Casalicchio, Giuseppe and Bischl, Bernd},
  booktitle={Joint European Conference on Machine Learning and Knowledge Discovery in Databases},
  pages={417--431},
  year={2020},
  organization={Springer}
}


@article{murdoch2019,
  title={Definitions, methods, and applications in interpretable machine learning},
  author={Murdoch, W James and Singh, Chandan and Kumbier, Karl and Abbasi-Asl, Reza and Yu, Bin},
  journal={Proceedings of the National Academy of Sciences},
  volume={116},
  number={44},
  pages={22071--22080},
  year={2019},
  publisher={National Acad Sciences}
}

@article{du2019,
  title={Techniques for interpretable machine learning},
  author={Du, Mengnan and Liu, Ninghao and Hu, Xia},
  journal={Communications of the ACM},
  volume={63},
  number={1},
  pages={68--77},
  year={2019},
  publisher={ACM New York, NY, USA}
}


@book{molnar2020b,
  title={Interpretable machine learning},
  author={Molnar, Christoph},
  year={2020},
  publisher={Lulu. com}
}

@article{azodi2020,
  title={Opening the Black Box: Interpretable machine learning for geneticists},
  author={Azodi, Christina B and Tang, Jiliang and Shiu, Shin-Han},
  journal={Trends in genetics},
  volume={36},
  number={6},
  pages={442--455},
  year={2020},
  publisher={Elsevier}
}

@article{rudin2021,
  title={Interpretable machine learning: Fundamental principles and 10 grand challenges},
  author={Rudin, Cynthia and Chen, Chaofan and Chen, Zhi and Huang, Haiyang and Semenova, Lesia and Zhong, Chudi},
  journal={arXiv preprint arXiv:2103.11251},
  year={2021}
}

@article{grimmer2021,
  title={Machine learning for social science: An agnostic approach},
  author={Grimmer, Justin and Roberts, Margaret E and Stewart, Brandon M},
  journal={Annual Review of Political Science},
  volume={24},
  pages={395--419},
  year={2021},
  publisher={Annual Reviews}
}




@article{kwon2018,
  title={Retainvis: Visual analytics with interpretable and interactive recurrent neural networks on electronic medical records},
  author={Kwon, Bum Chul and Choi, Min-Je and Kim, Joanne Taery and Choi, Edward and Kim, Young Bin and Kwon, Soonwook and Sun, Jimeng and Choo, Jaegul},
  journal={IEEE transactions on visualization and computer graphics},
  volume={25},
  number={1},
  pages={299--309},
  year={2018},
  publisher={IEEE}
}




@article{hinton2015,
  title={Distilling the knowledge in a neural network},
  author={Hinton, Geoffrey and Vinyals, Oriol and Dean, Jeff and others},
  journal={arXiv preprint arXiv:1503.02531},
  volume={2},
  number={7},
  year={2015}
}


@article{nagaraja2011,
  title={An autoregressive approach to house price modeling},
  author={Nagaraja, Chaitra H and Brown, Lawrence D and Zhao, Linda H},
  journal={The Annals of Applied Statistics},
  volume={5},
  number={1},
  pages={124--149},
  year={2011},
  publisher={Institute of Mathematical Statistics}
}





@article{ward1963,
  title={Hierarchical grouping to optimize an objective function},
  author={Ward Jr, Joe H},
  journal={Journal of the American statistical association},
  volume={58},
  number={301},
  pages={236--244},
  year={1963},
  publisher={Taylor \& Francis Group}
}


@article{lance1967,
  title={A general theory of classificatory sorting strategies: 1. Hierarchical systems},
  author={Lance, Godfrey N and Williams, William Thomas},
  journal={The computer journal},
  volume={9},
  number={4},
  pages={373--380},
  year={1967},
  publisher={The British Computer Society}
}

@article{chavent2018,
  title={ClustGeo: an R package for hierarchical clustering with spatial constraints},
  author={Chavent, Marie and Kuentz-Simonet, Vanessa and Labenne, Amaury and Saracco, J{\'e}r{\^o}me},
  journal={Computational Statistics},
  volume={33},
  number={4},
  pages={1799--1822},
  year={2018},
  publisher={Springer}
}



@article{grubesic2014,
  title={Spatial clustering overview and comparison: Accuracy, sensitivity, and computational expense},
  author={Grubesic, Tony H and Wei, Ran and Murray, Alan T},
  journal={Annals of the Association of American Geographers},
  volume={104},
  number={6},
  pages={1134--1156},
  year={2014},
  publisher={Taylor \& Francis}
}



@article{varghese2013,
  title={Spatial clustering algorithms-an overview},
  author={Varghese, Bindiya M and Unnikrishnan, Avittathur and Jacob, K},
  journal={Asian Journal of Computer Science and Information Technology},
  volume={3},
  number={1},
  pages={1--8},
  year={2013}
}



@Manual{tidymodels,
    title = {Tidymodels: a collection of packages for modeling and machine learning using tidyverse principles.},
    author = {Max Kuhn and Hadley Wickham},
    url = {https://www.tidymodels.org},
    year = {2020},
  }

@inproceedings{romano2010,
  title={Clustering spatio-functional data: a model based approach},
  author={Romano, Elvira and Balzanella, Antonio and Verde, Rosanna},
  booktitle={Classification as a Tool for Research: Proceedings of the 11th IFCS Biennial Conference and 33rd Annual Conference of the Gesellschaft f{\"u}r Klassifikation eV, Dresden, March 13-18, 2009},
  pages={167--175},
  year={2010},
  organization={Springer}
}

@article{romano2015,
  title={On the performance of two clustering methods for spatial functional data},
  author={Romano, Elvira and Mateu, Jorge and Giraldo, Ramon},
  journal={AStA Advances in Statistical Analysis},
  volume={99},
  pages={467--492},
  year={2015},
  publisher={Springer}
}


@article{vandewalle2022,
  title={Clustering spatial functional data},
  author={Vandewalle, Vincent and Preda, Cristian and Dabo-Niang, Sophie},
  journal={Geostatistical Functional Data Analysis},
  pages={155--174},
  year={2022},
  publisher={Wiley Online Library}
}

@book{sobolev,
  title={Sobolev spaces},
  author={R. A. Adams and J. J. F. Fournier},
  year={2003},
  publisher={Elsevier/Academic Press}
}

@article{hall2017,
  title={Machine learning interpretability with h2o driverless ai},
  author={Hall, Patrick and Gill, Navdeep and Kurka, Megan and Phan, Wen},
  journal={H2O. ai},
  year={2017}
}

@Manual{KernSmooth,
    title = {KernSmooth: Functions for Kernel Smoothing Supporting Wand \& Jones (1995)},
    author = {Matt Wand},
    year = {2021},
    note = {R package version 2.23-20},
    url = {https://CRAN.R-project.org/package=KernSmooth},
  }
  
  @Manual{leaflet,
    title = {leaflet: Create Interactive Web Maps with the JavaScript 'Leaflet'
Library},
    author = {Joe Cheng and Bhaskar Karambelkar and Yihui Xie},
    year = {2022},
    note = {R package version 2.1.1},
    url = {https://CRAN.R-project.org/package=leaflet},
  }
